<?xml version="1.0" encoding="UTF-8"?><collection xmlns="http://www.loc.gov/MARC21/slim"><record><leader>00429nam--2200133-i-4500</leader><controlfield tag="001">000017210</controlfield><controlfield tag="002">20161230</controlfield><controlfield tag="005">20161230201032</controlfield><controlfield tag="008">060222s1000------------r-----000-0-eng-d</controlfield><datafield ind1=" " ind2=" " tag="020"><subfield code="a">92-826-3</subfield></datafield><datafield ind1=" " ind2=" " tag="080"><subfield code="a">341.217(4):615.7</subfield></datafield><datafield ind1=" " ind2=" " tag="245"><subfield code="a">La reglementation des medicaments a usage huma in dans la communaute europeenne</subfield></datafield><datafield ind1=" " ind2=" " tag="260"><subfield code="a">Luxembourg: Office Des Publications Officielle S Des Communautes Europeenes, 1991 212 P</subfield></datafield><datafield ind1=" " ind2=" " tag="852"><subfield code="a">80150</subfield></datafield></record></collection>